@article{article,
author = {Aqueveque, Pablo and Sobarzo, Sergio and Saavedra Rodriguez, Francisco and Maldonado, Claudio and GÃ³mez, Britam},
year = {2016},
month = {07},
pages = {},
title = {Android Platform for Realtime Gait Tracking Using Inertial Measurement Units},
volume = {26},
journal = {European Journal of Translational Myology},
doi = {10.4081/ejtm.2016.6144}
}